<?xml version="1.0" encoding="UTF-8"?><collection xmlns="http://www.loc.gov/MARC21/slim"><record><leader>00512nam--2200169-i-4500</leader><controlfield tag="001">000030149</controlfield><controlfield tag="002">20161230</controlfield><controlfield tag="005">20161230201038</controlfield><controlfield tag="008">060222s1000------------r-----000-0-eng-d</controlfield><datafield ind1=" " ind2=" " tag="040"><subfield code="a">IFIN-HH</subfield></datafield><datafield ind1=" " ind2=" " tag="080"><subfield code="a">539.913(061.3)</subfield></datafield><datafield ind1="1" ind2=" " tag="100"><subfield code="a">Wallis, R.F</subfield></datafield><datafield ind1="1" ind2="0" tag="245"><subfield code="a">Lattice dynamics</subfield><subfield code="b">Proceedings of the intenational conference held at copenhagen, denmark, august 5-9, 1963</subfield><subfield code="c">R.f. wallis (ed.)</subfield></datafield><datafield ind1=" " ind2=" " tag="260"><subfield code="a">Oxford</subfield><subfield code="b">Pergamon Press</subfield><subfield code="c">1965</subfield></datafield><datafield ind1=" " ind2=" " tag="300"><subfield code="a">XV + 730P</subfield></datafield><datafield ind1=" " ind2=" " tag="852"><subfield code="a">22732</subfield><subfield code="c">539.2</subfield></datafield><datafield ind1=" " ind2=" " tag="CAT"><subfield code="a">Sys</subfield><subfield code="c">20121012</subfield><subfield code="h">104513</subfield></datafield></record></collection>